<record><leader>00000cas a2200000 a 4500</leader><controlfield tag="001">20963281</controlfield><controlfield tag="008">900126d19531961mouwr ne      0   a0eng d</controlfield><datafield ind1=" " ind2=" " tag="010"><subfield code="a">sn 90061425 </subfield></datafield><datafield ind1=" " ind2=" " tag="040"><subfield code="a">UMR</subfield><subfield code="b">eng</subfield><subfield code="c">UMR</subfield><subfield code="d">MQN</subfield><subfield code="d">OCL</subfield><subfield code="d">OCLCQ</subfield><subfield code="d">OCLCF</subfield><subfield code="d">OCLCO</subfield></datafield><datafield ind1="1" ind2=" " tag="029"><subfield code="a">AU@</subfield><subfield code="b">000020594637</subfield></datafield><datafield ind1=" " ind2=" " tag="042"><subfield code="a">msc</subfield></datafield><datafield ind1=" " ind2=" " tag="043"><subfield code="a">n-us-mo</subfield></datafield><datafield ind1=" " ind2=" " tag="092"><subfield code="a">071.78594</subfield><subfield code="b">R647hw</subfield></datafield><datafield ind1="0" ind2="4" tag="245"><subfield code="a">The Rolla weekly herald combined with the Newburg Democrat.</subfield></datafield><datafield ind1="1" ind2="3" tag="246"><subfield code="a">Rolla weekly herald</subfield></datafield><datafield ind1=" " ind2=" " tag="260"><subfield code="a">Rolla, Mo. :</subfield><subfield code="b">[s.n.],</subfield><subfield code="c">1953-1961.</subfield></datafield><datafield ind1=" " ind2=" " tag="300"><subfield code="a">v.</subfield></datafield><datafield ind1=" " ind2=" " tag="310"><subfield code="a">Weekly</subfield></datafield><datafield ind1="0" ind2=" " tag="362"><subfield code="a">Vol. 88, no. 28 (July 9, 1953)-</subfield></datafield><datafield ind1="1" ind2=" " tag="362"><subfield code="a">Ceased in 1961.</subfield></datafield><datafield ind1=" " ind2="0" tag="651"><subfield code="a">Rolla (Mo.)</subfield><subfield code="x">History.</subfield></datafield><datafield ind1=" " ind2="0" tag="651"><subfield code="a">Phelps County (Mo.)</subfield><subfield code="x">History.</subfield></datafield><datafield ind1=" " ind2="0" tag="651"><subfield code="a">Rolla (Mo.)</subfield><subfield code="v">Newspapers.</subfield></datafield><datafield ind1=" " ind2="0" tag="651"><subfield code="a">Phelps County (Mo.)</subfield><subfield code="v">Newspapers.</subfield></datafield><datafield ind1=" " ind2="7" tag="655"><subfield code="a">History.</subfield><subfield code="2">fast</subfield><subfield code="0">(OCoLC)fst01411628</subfield></datafield><datafield ind1=" " ind2="7" tag="655"><subfield code="a">Newspapers.</subfield><subfield code="2">fast</subfield><subfield code="0">(OCoLC)fst01423814</subfield></datafield><datafield ind1=" " ind2="7" tag="651"><subfield code="a">Missouri</subfield><subfield code="z">Phelps County.</subfield><subfield code="2">fast</subfield><subfield code="0">(OCoLC)fst01215968</subfield></datafield><datafield ind1=" " ind2="7" tag="651"><subfield code="a">Missouri</subfield><subfield code="z">Rolla.</subfield><subfield code="2">fast</subfield><subfield code="0">(OCoLC)fst01210032</subfield></datafield><datafield ind1=" " ind2=" " tag="752"><subfield code="a">United States</subfield><subfield code="b">Missouri</subfield><subfield code="c">Phelps</subfield><subfield code="d">Rolla.</subfield></datafield><datafield ind1="0" ind2=" " tag="775"><subfield code="t">Rolla daily herald</subfield><subfield code="w">(DLC)sn 90061426</subfield></datafield><datafield ind1="0" ind2="0" tag="780"><subfield code="t">Newburg Democrat</subfield><subfield code="w">(DLC)sn9000061424</subfield></datafield><datafield ind1="0" ind2="4" tag="785"><subfield code="t">Rolla daily news</subfield><subfield code="w">(DLC)sn 90061366</subfield></datafield></record>